5170B46135372000180211      HERBELCA S.L.                                               00810234RE0322502011                                                      
5370B46135372000180211      HERBELCA S.L.                           00810234210001072411        06                                                    00000000    
5670B46135372000A0050050591 INSTALACIONES CLIMALFARO, S.L.          308214244546215313280000022048151110A005005059Factura: 5005059 de Fecha: 15/11/2010   150111  
5670B46135372000A0056064801 CLIENTES VARIOS                         000100020400000000030000357113311006A005606480Factura: 5606480 de Fecha: 31/10/2006   311006  
5870B46135372000                                                                        0000379161      00000000020000000004                                      
5970B46135372000                                                    0001                0000379161      00000000020000000006
