<?xml version="1.0" encoding="UTF-8" standalone="yes"?>
<Document xmlns:xsi="http://www.w3.org/2001/XMLSchema-instance" xmlns="urn:iso:std:iso:20022:tech:xsd:pain.001.001.03">
<CstmrCdtTrfInitn>
   <GrpHdr>
      <MsgId>TRANPAG000002F20160203T133251</MsgId>
      <CreDtTm>2016-02-03T13:32:51</CreDtTm>
      <NbOfTxs>4</NbOfTxs>
      <CtrlSum>1818.73</CtrlSum>
      <InitgPty>
         <Nm>Herbelca S.L.</Nm>
         <Id>
           <OrgId>
               <Othr>
                  <Id>B46135372070</Id>
               </Othr>
           </OrgId>
         </Id>
      </InitgPty>
   </GrpHdr>
   <PmtInf>
      <PmtInfId>20160203133304B46135372</PmtInfId>
      <PmtMtd>TRF</PmtMtd>
      <ReqdExctnDt>2015-09-15</ReqdExctnDt>
      <Dbtr>
         <Nm>Herbelca S.L.</Nm>
         <PstlAdr>
            <Ctry>ES</Ctry>
            <AdrLine>CL Azagador de la Torre 93  VALENCIA</AdrLine>
         </PstlAdr>
         <Id>
            <OrgId>
               <Othr>
                  <Id>B46135372070</Id>
               </Othr>
            </OrgId>
         </Id>
    </Dbtr>
    <DbtrAcct>
       <Id>
          <IBAN>ES2800810693600002093621</IBAN>
       </Id>
       <Ccy>EUR</Ccy>
    </DbtrAcct>
    <DbtrAgt>
       <FinInstnId>
          <BIC>BSABESBBXXX</BIC>
       </FinInstnId>
    </DbtrAgt>
   <CdtTrfTxInf>
      <PmtId>
         <EndToEndId>15010163  20150113001</EndToEndId>
      </PmtId>
      <PmtTpInf>
          <SvcLvl><Cd>SEPA</Cd></SvcLvl>
          <CtgyPurp><Cd>SALA</Cd></CtgyPurp>
       </PmtTpInf>
       <Amt>
          <InstdAmt Ccy="EUR">145.2</InstdAmt>
       </Amt>
       <CdtrAgt>
          <FinInstnId>
             <BIC>BSCHESMMXXX</BIC>
          </FinInstnId>
       </CdtrAgt>
       <Cdtr>
          <Nm>CARNES Y CONGELADOS SELEC, S.L.</Nm>
           <Id>
               <OrgId>
                  <Othr>
                     <Id>B97408991</Id>
                  </Othr>
               </OrgId>
           </Id>
        </Cdtr>
        <CdtrAcct>
           <Id>
              <IBAN>ES4600490061972610982651</IBAN>
           </Id>
        </CdtrAcct>
      <Purp>
         <Cd>SALA</Cd>
      </Purp>
      <RmtInf>
         <Ustrd>Factura num.  15010163-13/01/2015 Vto a fecha  08/04/2015</Ustrd>
      </RmtInf>
   </CdtTrfTxInf>
   <CdtTrfTxInf>
      <PmtId>
         <EndToEndId>36588     20150214001</EndToEndId>
      </PmtId>
      <PmtTpInf>
          <SvcLvl><Cd>SEPA</Cd></SvcLvl>
          <CtgyPurp><Cd>SALA</Cd></CtgyPurp>
       </PmtTpInf>
       <Amt>
          <InstdAmt Ccy="EUR">23.42</InstdAmt>
       </Amt>
       <CdtrAgt>
          <FinInstnId>
             <BIC>BKBKESMMXXX</BIC>
          </FinInstnId>
       </CdtrAgt>
       <Cdtr>
          <Nm>HERMANOS TOMAS NAVA, S.L.</Nm>
           <Id>
               <OrgId>
                  <Othr>
                     <Id>B46431144</Id>
                  </Othr>
               </OrgId>
           </Id>
        </Cdtr>
        <CdtrAcct>
           <Id>
              <IBAN>ES3401280607510101224296</IBAN>
           </Id>
        </CdtrAcct>
      <Purp>
         <Cd>SALA</Cd>
      </Purp>
      <RmtInf>
         <Ustrd>Factura num.  36588-14/02/2015 Vto a fecha  15/04/2015</Ustrd>
      </RmtInf>
   </CdtTrfTxInf>
   <CdtTrfTxInf>
      <PmtId>
         <EndToEndId>2472001   20150203001</EndToEndId>
      </PmtId>
      <PmtTpInf>
          <SvcLvl><Cd>SEPA</Cd></SvcLvl>
          <CtgyPurp><Cd>SALA</Cd></CtgyPurp>
       </PmtTpInf>
       <Amt>
          <InstdAmt Ccy="EUR">1063.83</InstdAmt>
       </Amt>
       <CdtrAgt>
          <FinInstnId>
             <BIC>CAIXESBBXXX</BIC>
          </FinInstnId>
       </CdtrAgt>
       <Cdtr>
          <Nm>KME SPAIN, S.A.</Nm>
           <Id>
               <OrgId>
                  <Othr>
                     <Id>A33001504</Id>
                  </Othr>
               </OrgId>
           </Id>
        </Cdtr>
        <CdtrAcct>
           <Id>
              <IBAN>ES0821008633810200032580</IBAN>
           </Id>
        </CdtrAcct>
      <Purp>
         <Cd>SALA</Cd>
      </Purp>
      <RmtInf>
         <Ustrd>Factura num.  2472001-03/02/2015 Vto a fecha  04/04/2015</Ustrd>
      </RmtInf>
   </CdtTrfTxInf>
   <CdtTrfTxInf>
      <PmtId>
         <EndToEndId>76060     20150225001</EndToEndId>
      </PmtId>
      <PmtTpInf>
          <SvcLvl><Cd>SEPA</Cd></SvcLvl>
          <CtgyPurp><Cd>SALA</Cd></CtgyPurp>
       </PmtTpInf>
       <Amt>
          <InstdAmt Ccy="EUR">586.28</InstdAmt>
       </Amt>
       <CdtrAgt>
          <FinInstnId>
             <BIC>MMMMESMMXXX</BIC>
          </FinInstnId>
       </CdtrAgt>
       <Cdtr>
          <Nm>THERMADOR INTERNATIONAL</Nm>
           <Id>
               <OrgId>
                  <Othr>
                     <Id>FR92487897449</Id>
                  </Othr>
               </OrgId>
           </Id>
        </Cdtr>
        <CdtrAcct>
           <Id>
              <IBAN>FR7610096181000004269390</IBAN>
           </Id>
        </CdtrAcct>
      <Purp>
         <Cd>SALA</Cd>
      </Purp>
      <RmtInf>
         <Ustrd>Factura num.  76060-25/02/2015 Vto a fecha  27/03/2015</Ustrd>
      </RmtInf>
   </CdtTrfTxInf>
   </PmtInf>
</CstmrCdtTrfInitn></Document>
