<?xml version="1.0" encoding="UTF-8" standalone="yes"?>
<Document xmlns:xsi="http://www.w3.org/2001/XMLSchema-instance" xmlns="urn:iso:std:iso:20022:tech:xsd:pain.001.001.03">
<CstmrCdtTrfInitn>
   <GrpHdr>
      <MsgId>TRANPAG000001F20170104T172331</MsgId>
      <CreDtTm>2017-01-04T17:23:31</CreDtTm>
      <NbOfTxs>3</NbOfTxs>
      <CtrlSum>1908.37</CtrlSum>
      <InitgPty>
         <Nm>COOP.V. CRISTO DE LA SALUD</Nm>
         <Id>
           <OrgId>
               <Othr>
                  <Id>F46026464000</Id>
               </Othr>
           </OrgId>
         </Id>
      </InitgPty>
   </GrpHdr>
   <PmtInf>
      <PmtInfId>20170104172331F46026464</PmtInfId>
      <PmtMtd>TRF</PmtMtd>
      <ReqdExctnDt>2017-01-04</ReqdExctnDt>
      <Dbtr>
         <Nm>COOP.V. CRISTO DE LA SALUD</Nm>
         <PstlAdr>
            <Ctry>ES</Ctry>
            <AdrLine>PA Avd. Pintor Tarras  62  VALENCIA</AdrLine>
         </PstlAdr>
         <Id>
            <OrgId>
               <Othr>
                  <Id>F46026464000</Id>
               </Othr>
            </OrgId>
         </Id>
    </Dbtr>
    <DbtrAcct>
       <Id>
          <IBAN>ES3330582262882710000071</IBAN>
       </Id>
       <Ccy>EUR</Ccy>
    </DbtrAcct>
    <DbtrAgt>
       <FinInstnId>
          <BIC>CCRIES2AXXX</BIC>
       </FinInstnId>
    </DbtrAgt>
   <CdtTrfTxInf>
      <PmtId>
         <EndToEndId>FR1500828120151126001</EndToEndId>
      </PmtId>
      <PmtTpInf>
          <SvcLvl><Cd>SEPA</Cd></SvcLvl>
          <CtgyPurp><Cd>SALA</Cd></CtgyPurp>
       </PmtTpInf>
       <Amt>
          <InstdAmt Ccy="EUR">127.90</InstdAmt>
       </Amt>
       <CdtrAgt>
          <FinInstnId>
             <BIC>MENTIRASXXX</BIC>
          </FinInstnId>
       </CdtrAgt>
       <Cdtr>
          <Nm>COARVAL, COOP.V.</Nm>
           <Id>
               <OrgId>
                  <Othr>
                     <Id>F46160875</Id>
                  </Othr>
               </OrgId>
           </Id>
        </Cdtr>
        <CdtrAcct>
           <Id>
              <IBAN>ES8600010002090000000004</IBAN>
           </Id>
        </CdtrAcct>
      <Purp>
         <Cd>SALA</Cd>
      </Purp>
      <RmtInf>
         <Ustrd>Factura num.  FR15008281-26/11/2015 Vto a fecha  26/11/2015</Ustrd>
      </RmtInf>
   </CdtTrfTxInf>
   <CdtTrfTxInf>
      <PmtId>
         <EndToEndId>FR1500831620151130001</EndToEndId>
      </PmtId>
      <PmtTpInf>
          <SvcLvl><Cd>SEPA</Cd></SvcLvl>
          <CtgyPurp><Cd>SALA</Cd></CtgyPurp>
       </PmtTpInf>
       <Amt>
          <InstdAmt Ccy="EUR">751.12</InstdAmt>
       </Amt>
       <CdtrAgt>
          <FinInstnId>
             <BIC>MENTIRASXXX</BIC>
          </FinInstnId>
       </CdtrAgt>
       <Cdtr>
          <Nm>COARVAL, COOP.V.</Nm>
           <Id>
               <OrgId>
                  <Othr>
                     <Id>F46160875</Id>
                  </Othr>
               </OrgId>
           </Id>
        </Cdtr>
        <CdtrAcct>
           <Id>
              <IBAN>ES8600010002090000000004</IBAN>
           </Id>
        </CdtrAcct>
      <Purp>
         <Cd>SALA</Cd>
      </Purp>
      <RmtInf>
         <Ustrd>Factura num.  FR15008316-30/11/2015 Vto a fecha  30/11/2015</Ustrd>
      </RmtInf>
   </CdtTrfTxInf>
   <CdtTrfTxInf>
      <PmtId>
         <EndToEndId>FR1500833020151202001</EndToEndId>
      </PmtId>
      <PmtTpInf>
          <SvcLvl><Cd>SEPA</Cd></SvcLvl>
          <CtgyPurp><Cd>SALA</Cd></CtgyPurp>
       </PmtTpInf>
       <Amt>
          <InstdAmt Ccy="EUR">1029.35</InstdAmt>
       </Amt>
       <CdtrAgt>
          <FinInstnId>
             <BIC>MENTIRASXXX</BIC>
          </FinInstnId>
       </CdtrAgt>
       <Cdtr>
          <Nm>COARVAL, COOP.V.</Nm>
           <Id>
               <OrgId>
                  <Othr>
                     <Id>F46160875</Id>
                  </Othr>
               </OrgId>
           </Id>
        </Cdtr>
        <CdtrAcct>
           <Id>
              <IBAN>ES8600010002090000000004</IBAN>
           </Id>
        </CdtrAcct>
      <Purp>
         <Cd>SALA</Cd>
      </Purp>
      <RmtInf>
         <Ustrd>Factura num.  FR15008330-02/12/2015 Vto a fecha  02/12/2015</Ustrd>
      </RmtInf>
   </CdtTrfTxInf>
   </PmtInf>
</CstmrCdtTrfInitn></Document>
