5170B46135372707220915      HERBELCA S.L.                                               00810693RE0300702015                                                      
5370B46135372707220915      HERBELCA S.L.                           00810693600002093621        06                                                    00000000    
5670B46135372707A 5407260114HERRERO BOSCH, S.L.                     207701571331017492210000000605301214A 54072601FACTURA: A-5407260 de Fecha 30 dic 2014 100315  
5676B46135372707A 5407260114AVDA. GERMANIAS, 27 BAJO                BENIFAIO                           46450VALENCIA                              46220915        
5670B46135372707A 5407381114FRISUNTEC, S.L.                         308214998110640644290000001733311214A 54073811FACTURA: A-5407381 de Fecha 31 dic 2014 150315  
5676B46135372707A 5407381114RIBELLES COMINS, 47 BAJO                CASTELLON                          12006CASTELLON                             12220915        
5670B46135372707A 5500365115LIMPIEZAS  Y MANTENIMIENTO MARPU, S.L.  007512927106000471340000002033270115A 55003651FACTURA: A-5500365 de Fecha 27 ene 2015 100315  
5676B46135372707A 5500365115C/ PLOMO 21 NAVE 8                      MADRID                             28330MADRID                                28220915        
5670B46135372707A 5500391115FONTANERIA RAYPA, S.L.                  210024553702000299020000001163270115A 55003911FACTURA: A-5500391 de Fecha 27 ene 2015 100315  
5676B46135372707A 5500391115JUAN RAMON JIMENEZ, 57                  BENIFAIO                           46450VALENCIA                              46220915        
5670B46135372707A 5500427115ANTONIO CAMPOS RODRIGUEZ                004955538529932559150000001646270115A 55004271FACTURA: A-5500427 de Fecha 27 ene 2015 150315  
5676B46135372707A 5500427115SANTA CRUZ DE TEJEIRO, 6-1-1            CASTELLON                          12005CASTELLON                             12220915        
5670B46135372707A 5500468115VICENTE MARTIN COLLADO MICO             146501009418000753960000000204270115A 55004681FACTURA: A-5500468 de Fecha 27 ene 2015 100315  
5676B46135372707A 5500468115C/SAN RAMON, 48-9                       PAIPORTA                           46200VALENCIA                              46220915        
5670B46135372707A 5500522115SILAR FONTANEROS, S.L.                  305870138827209030200000000120290115A 55005221FACTURA: A-5500522 de Fecha 29 ene 2015 150315  
5676B46135372707A 5500522115C/CERVANTES, 20                         CHIVA                              46370VALENCIA                              46220915        
5670B46135372707A 5500534115TEFONVAL, C.B.                          315900031723167524150000001872290115A 55005341FACTURA: A-5500534 de Fecha 29 ene 2015 150315  
5676B46135372707A 5500534115C/VELAZQUEZ, 7 BAJO IZDA.               ALDAYA                             46960VALENCIA                              46220915        
5670B46135372707A 5500862115ENERGETIK VANSSIJE, S.L.                001904693940100181460000000272100215A 55008621FACTURA: A-5500862 de Fecha 10 feb 2015 120315  
5676B46135372707A 5500862115C/ ISLA CABRERA 10 DERECHA              VALENCIA                           46026VALENCIA                              46220915        
5670B46135372707A 5500869115GANDICLIMA, S.L.                        008173408800012609290000000289100215A 55008691FACTURA: A-5500869 de Fecha 10 feb 2015 120315  
5676B46135372707A 5500869115P.I. LA PELLERIA, NAVE 13               XERESA                             46790VALENCIA                              46220915        
5670B46135372707A 5500888115PEDRO JOSE MONTEAGUDO GARCIA            001901937540100083840000002205100215A 55008881FACTURA: A-5500888 de Fecha 10 feb 2015 120315  
5676B46135372707A 5500888115C/ TEULAR 34                            MIRAMAR                            46711VALENCIA                              46220915        
5670B46135372707A 5500907115VICTOR SUBIELA MONCHO                   204560355730000375860000002160100215A 55009071FACTURA: A-5500907 de Fecha 10 feb 2015 120315  
5676B46135372707A 5500907115AVDA GRAU 6 BAJO                        GANDIA                             46701VALENCIA                              46220915        
5670B46135372707A 5500914115FRANCISCO HONRUBIA BUENO                209022003900007519470000000218100215A 55009141FACTURA: A-5500914 de Fecha 10 feb 2015 120315  
5676B46135372707A 5500914115SAN JUAN BAUTISTA, 29-1                 PICAÑA                             46210VALENCIA                              46220915        
5670B46135372707A 5500931115CENTRO DEPORTIVO IMPALA CLUB, S.L.      210045531702001159790000002404100215A 55009311FACTURA: A-5500931 de Fecha 10 feb 2015 120315  
5676B46135372707A 5500931115C/ 29 NUMERO 82                         PATERNA                            46980VALENCIA                              46220915        
5670B46135372707A 5500947115INDUSTRIAS ELECTROTECNICAS CASTELLON SL 305873027327201002260000000537100215A 55009471FACTURA: A-5500947 de Fecha 10 feb 2015 120315  
5676B46135372707A 5500947115AVDA ALCORA 150 BAJO                    CASTELLON                          12084CASTELLON                             12220915        
5670B46135372707A 5500948115IVAN FERRER FERRER                      210046267821002529550000000566100215A 55009481FACTURA: A-5500948 de Fecha 10 feb 2015 120315  
5676B46135372707A 5500948115C/ JOSE BERTOMEU I GIMENO 1 BA          CASTELLON                          12006CASTELLON                             12220915        
5670B46135372707A 5500962115ANTONIO CAMPOS RODRIGUEZ                004955538529932559150000000439100215A 55009621FACTURA: A-5500962 de Fecha 10 feb 2015 150315  
5676B46135372707A 5500962115SANTA CRUZ DE TEJEIRO, 6-1-1            CASTELLON                          12005CASTELLON                             12220915        
5670B46135372707A 5500968115JOAQUIN ESCRIG APARICI                  004945160922900139630000002092100215A 55009681FACTURA: A-5500968 de Fecha 10 feb 2015 120315  
5676B46135372707A 5500968115TORRELASAL, 3-4-C                       CASTELLON                          12006CASTELLON                             12220915        
5670B46135372707A 5501012115GENERAL QUALITY, S.L                    210060634702000388560000000041100215A 55010121FACTURA: A-5501012 de Fecha 10 feb 2015 120315  
5676B46135372707A 5501012115CTRA. PLA DEL POU,29                    PATERNA                            46182VALENCIA                              46220915        
5870B46135372707                                                                        0000020599      00000000190000000040                                      
5970B46135372707                                                    0001                0000020599      00000000190000000042
